@INPROCEEDINGS{rife_pag_2014,
title={Field Book: An Open-Source Application for Phenotypic Data Collection on Android}, 
booktitle={Plant and Animal Genome Conference XXII}, 
author={Rife, TW and JA Poland}, 
year={2014}, 
address={San Diego, CA}, 
month={1}
}

@INPROCEEDINGS{rife_ksu_2014, 
title={Genomic Selection in Midwest Wheat Breeding Programs}, 
booktitle={K-State Research and Extension Annual Conference}, 
author={Rife, TW and R Graybosch and JA Poland}, 
year={2014}, 
address={Manhattan, KS}, 
month={10}
}

@INPROCEEDINGS{rife_pag_2016, 
title={Android Apps for Plant Breeding and Genetics \#phenoApps}, 
booktitle={Plant and Animal Genome Conference XXIV}, 
author={Rife, TW and JA Poland}, 
year={2016}, 
address={San Diego, CA}, 
month={1}
}

@INPROCEEDINGS{rife_ashs_2017, 
title={PhenoApps: open source Android apps for crop field and lab data collection}, 
booktitle={American Society for Horticultural Sciences}, 
author={Rife, TW and JA Poland}, 
year={2017}, 
address={Waikoloa, HI}, 
month={9}
}

@INPROCEEDINGS{rife_bgri_2018, 
title={Utilizing mobile devices for plant breeding and genetics}, 
booktitle={Wheat Breeding Technology Workshop}, 
author={Rife, TW and JA Poland}, 
year={2018}, 
address={Marrakesh, Morocco}, 
month={4}
}

@INPROCEEDINGS{rife_ashs_2018, 
title={PhenoApps: Integrating Free Mobile Apps into Specialty Crop Breeding and Horticultural Programs}, 
booktitle={American Society for Horticultural Sciences}, 
author={Rife, TW and JA Poland}, 
year={2018}, 
address={Washington, D.C.}, 
month={8}
}

@INPROCEEDINGS{rife_pag_2019, 
title={Android Apps for Phenotyping}, 
booktitle={Plant and Animal Genome Conference XXVII}, 
author={Rife, TW and JA Poland}, 
year={2019}, 
address={San Diego, CA}, 
month={1}
}

@INPROCEEDINGS{rife_cornell_2021, 
title={PhenoApps- Developing the tools and technologies necessary to complete and extend the digital ecosystem for crop improvement}, 
booktitle={Cornell University}, 
year={2021},
month={11}
}

@INPROCEEDINGS{rife_pag_2023_a, 
title={Enabling Rapid Data Transfer in PhenoApps through BrAPI}, 
booktitle={Plant and Animal Genome Conference 30}, 
year={2023},
month={1}
}

@INPROCEEDINGS{rife_pag_2023_b, 
title={PhenoApps for Cool Season Legume Phenotyping and Genetics}, 
booktitle={Plant and Animal Genome Conference 30}, 
year={2023},
month={1}
}

@INPROCEEDINGS{rife_onramp_2023, 
title={PhenoApps: Cultivating digital data collection tools that promote the growth of modern breeding programs}, 
booktitle={Breeding Insight OnRamp Seminar Series}, 
year={2023},
month={3}
}

@INPROCEEDINGS{rife_vaccap_2023, 
title={Apps for Vaccinium Phenotyping}, 
booktitle={VacCAP Annual Meeting}, 
year={2023},
month={3}
}

@INPROCEEDINGS{rife_ncsu_2023, 
title={Cultivating digital data collection tools that promote the growth of modern breeding programs}, 
booktitle={North Carolina State University}, 
year={2023},
month={11}
}

@INPROCEEDINGS{rife_pag_2024_a, 
title={Field Book: Past, Present, Future}, 
booktitle={Plant and Animal Genome Conference 31}, 
year={2024},
month={1}
}

@INPROCEEDINGS{rife_pag_2024_b, 
title={Field Book for Specialty Crops}, 
booktitle={Plant and Animal Genome Conference 31}, 
year={2024},
month={1}
}

@INPROCEEDINGS{rife_rice_2024, 
title={PhenoApps for Rice Research Data Collection and Management}, 
booktitle={International Temperate Rice Conference}, 
year={2024},
month={6}
}

@INPROCEEDINGS{rife_napb_2024, 
title={Field Book: Digital phenotyping for plant breeding}, 
booktitle={National Association of Plant Breeding}, 
year={2024},
month={7}
}

@INPROCEEDINGS{rife_npgs_2024, 
title={Field Book: Overview and Features}, 
booktitle={Plant Germplasm Operations Committee}, 
year={2024},
month={8}
}

@INPROCEEDINGS{rife_jlu_2024, 
title={Digitizing Plant Breeding and Genetics Data Collection}, 
booktitle={Justus Liebig University Giessen}, 
year={2024},
month={8}
}

@INPROCEEDINGS{rife_ashs_2024, 
title={Using Field Book for phenotypic data collection}, 
booktitle={American Society for Horticultural Sciences}, 
year={2024},
month={9}
}

@INPROCEEDINGS{rife_wbsi_2024, 
title={Developing applied phenotyping tools for plant breeding and genetics research}, 
booktitle={United States Wheat and Barley Scab Initiative High Throughput Phenotyping Meeting}, 
year={2024},
month={9}
}

@INPROCEEDINGS{rife_acs_2024, 
title={Developing and deploying adoptable technologies for global food security}, 
booktitle={ASA, CSSA, SSSA Annual Meeting}, 
year={2024},
month={11}
}

@INPROCEEDINGS{rife_pag_2025_a, 
title={Field Book in 2025}, 
booktitle={Plant and Animal Genome Conference 32}, 
year={2025},
month={1}
}

@INPROCEEDINGS{rife_pag_2025_b, 
title={PhenoApps for Specialty Crops}, 
booktitle={Plant and Animal Genome Conference 32}, 
year={2025},
month={1}
}

@INPROCEEDINGS{rife_pag_2025_c, 
title={Field Book and BreedBase Interoperability Updates}, 
booktitle={Plant and Animal Genome Conference 32}, 
year={2025},
month={1}
}