@INPROCEEDINGS{rife_pag_2013_poster,
title={Utilization of Genotyping-by-Sequencing for Genomic Selection in the Kansas State University Wheat (Triticum aestivum) Breeding Program}, 
booktitle={Plant and Animal Genome Conference XXI}, 
author={Rife, TW and C Seaman and G Zhang and TJ Martin and J Poland}, 
year={2013}, 
address={San Diego, CA}, 
month={1}
}

@INPROCEEDINGS{rife_pag_2014_poster,
title={Utilizing Historical Wheat Genotypes and Phenotypes for Modern Plant Breeding}, 
booktitle={Plant and Animal Genome Conference XXII}, 
author={Rife, TW and R Graybosch and J Poland}, 
year={2014}, 
address={San Diego, CA}, 
month={1}
}

@INPROCEEDINGS{rife_borlaug_2014_poster1,
title={Spiked GBS: A unified, open platform for single marker genotyping and whole-genome profiling}, 
booktitle={Borlaug Summit on Wheat for Food Security}, 
author={Rife, TW and S Wu and J Poland}, 
year={2014}, 
address={Ciudad Obregón, Sonora, Mexico}, 
month={3}
}

@INPROCEEDINGS{rife_borlaug_2014_poster2,
title={Field Book: An open-source application for phenotypic data collection on Android}, 
booktitle={Borlaug Summit on Wheat for Food Security}, 
author={Rife, TW and J Poland}, 
year={2014}, 
address={Ciudad Obregón, Sonora, Mexico}, 
month={3}
}

@INPROCEEDINGS{rife_iwc_2015_poster1,
title={Genomic analysis and prediction within a US public collaborative winter wheat regional testing nursery},
booktitle={9th International Wheat Conference}, 
author={Rife, TW and S Wu and R Graybosch and J Poland}, 
year={2015}, 
address={Sydney, Australia}, 
month={9}
}

@INPROCEEDINGS{rife_iwc_2015_poster2,
title={Field Book: An open-source Android app for collecting phenotypic data}, 
booktitle={9th International Wheat Conference}, 
author={Rife, TW and J Poland}, 
year={2015}, 
address={Sydney, Australia}, 
month={9}
}

@INPROCEEDINGS{rife_pag_2016_poster1,
title={Genomic analysis and prediction within a US 	public collaborative winter wheat regional testing nursery}, 
booktitle={Plant and Animal Genome Conference XXIV}, 
author={Rife, TW and R Graybosch and J Poland}, 
year={2016}, 
address={San Diego, CA}, 
month={1}
}

@INPROCEEDINGS{rife_pag_2016_poster2,
title={Field Book: An open-source Android app for collecting phenotypic data}, 
booktitle={Plant and Animal Genome Conference XXIV}, 
author={Rife, TW and J Poland}, 
year={2016}, 
address={San Diego, CA}, 
month={1}
}

@INPROCEEDINGS{rife_napb_2016_poster,
title={PhenoApps: Open-Source Android Apps for Phenotyping}, 
booktitle={National Association of Plant Breeders Annual Meeting}, 
author={Rife, TW and J Poland}, 
year={2016}, 
address={Raleigh, NC}, 
month={8}
}

@INPROCEEDINGS{rife_napb_2018_poster,
title={Open-source Android Apps for Phenotyping}, 
booktitle={National Association of Plant Breeders Annual Meeting}, 
author={Rife, TW and J Poland}, 
year={2018}, 
address={Guelph, ON}, 
month={8}
}

@INPROCEEDINGS{rife_pag_2019_poster,
title={Android Apps for Plant Breeding}, 
booktitle={Plant and Animal Genome Conference XXVII}, 
author={Rife, TW and J Poland}, 
year={2019}, 
address={San Diego, CA}, 
month={1}
}
