@software{field_book,
  author = {{Replaces paper field books in research programs}},
  title = {Field Book},
  url = {https://github.com/PhenoApps/Field-Book},
  version = {5.6; 30,000+ installs}
}

@software{coordinate,
  author = {{Used to organize samples into a grid for tissue sampling}},
  title = {Coordinate},
  url = {https://github.com/PhenoApps/Coordinate},
  version = {4.0; 1000+ installs}
}

@software{inventory,
  author = {{Connects to a scale to quickly organize and weight samples}},
  title = {Inventory},
  url = {https://github.com/PhenoApps/Inventory},
  version = {2.0; 1000+ installs}
}

@software{intercross,
  author = {{Manages and tracks crosses made in breeding programs.}},
  title = {Intercross},
  url = {https://github.com/PhenoApps/Intercross},
  version = {1.0}
}

@software{verify,
  author = {{Manages and tracks individuals in list form}},
  title = {Verify},
  url = {https://github.com/PhenoApps/Verify},
  version = {1.1; 10,000+ installs}
}

@software{prospector,
  author = {{Collect and organize near-infrared spectroscopy data from handheld NIRS}},
  title = {Prospector},
  url = {https://github.com/PhenoApps/Prospector},
  version = {1.3}
}

@software{onekk,
  author = {{Simultaneously measure and weight seeds from an image}},
  title = {OneKK},
  url = {https://github.com/PhenoApps/OneKK},
  version = {2.1}
}
