@article{Poland2012,
author = {Poland, JA and Rife, TW},
doi = {10.3835/plantgenome2012.05.0005},
issn = {1940-3372},
journal = {The Plant Genome Journal},
mendeley-groups = {Papers/Spiked GBS},
number = {3},
pages = {92},
title = {{Genotyping-by-Sequencing for Plant Breeding and Genetics}},
url = {https://www.crops.org/publications/tpg/abstracts/5/3/92},
volume = {5},
year = {2012}
}

@article{Rife2014,
author = {Rife, TW and Poland, JA},
doi = {10.2135/cropsci2013.08.0579},
issn = {14350653},
journal = {Crop Science},
number = {4},
pages = {1624--1627},
title = {{Field book: An open-source application for field data collection on android}},
url = {https://dl.sciencesocieties.org/publications/cs/abstracts/54/4/1624},
volume = {54},
year = {2014}
}

@article{Rife2015,
author = {Rife, TW and Wu, S and Bowden, RL and Poland, JA},
doi = {10.1186/s12864-015-1404-9},
issn = {1471-2164},
journal = {BMC Genomics},
keywords = {Genotyping-by,Marker platform,Plant breeding,Wheat,genotyping-by-sequencing,marker platform,plant breeding,wheat},
month = {12},
number = {1},
pages = {248},
pmid = {25880848},
title = {{Spiked GBS: a unified, open platform for single marker genotyping and whole-genome profiling}},
url = {http://www.biomedcentral.com/1471-2164/16/248},
volume = {16},
year = {2015}
}

@article{Tack2016,
author = {Tack, J and Barkley, A and Rife, TW and Poland, JA and Nalley, LL},
doi = {10.1111/gcb.13163},
issn = {13652486},
journal = {Global change biology},
keywords = {adaptation,agriculture,climate change,genetics,global warming,wheat,yield},
month = {8},
number = {8},
pages = {2904--2912},
pmid = {26577840},
title = {{Quantifying variety-specific heat resistance and the potential for adaptation to climate change}},
url = {http://dx.doi.org/10.1111/gcb.13163 http://doi.wiley.com/10.1111/gcb.13163},
volume = {22},
year = {2016}
}

@article{Rife2018,
author = {Rife, TW and Graybosch, RA and Poland, JA},
doi = {10.3835/plantgenome2018.01.0004},
issn = {1940-3372},
journal = {The Plant Genome},
number = {3},
pages = {1--7},
title = {{Genomic Analysis and Prediction within a US Public Collaborative Winter Wheat Regional Testing Nursery}},
url = {https://dl.sciencesocieties.org/publications/tpg/abstracts/11/3/180004},
volume = {11},
year = {2018}
}

@article{Rife2019,
author = {Rife, TW and Graybosch, RA and Poland, JA},
doi = {10.2135/cropsci2018.01.0073},
issn = {0011-183X},
journal = {Crop Science},
number = {3},
pages = {905},
title = {{A Field-Based Analysis of Genetic Improvement for Grain Yield in Winter Wheat Cultivars Developed in the US Central Plains from 1992 to 2014}},
url = {https://dl.sciencesocieties.org/publications/cs/abstracts/59/3/905},
volume = {59},
year = {2019}
}

@article{Neilsen2016,
  title={Extending watershed segmentation algorithms for high throughput phenotyping},
  journal={Proceedings of the 29th International Conference on Computer Applications in Industry and Engineering},
  author={Neilsen, ML and Gangadhara, SD and TW Rife},
  year={2016}
}

@article{Courtney2017,
  title={Mobile Applications for High-throughput Phenotyping},
  journal={30th International Conference on Computer Applications in Industry and Engineering},
  author={C Courtney and ML Neilsen and TW Rife},
  year={2017}
}

@article{Neilsen2017,
  title={A dynamic, real-time algorithm for seed counting},
  journal={Proc. Of the 26th International Conference on Software Engineering and Data Engineering},
  author={Neilsen, ML and Courtney, C and Amaravadi, S and Xiong, Z and Poland, J and Rife, T},
  year={2017}
}

@article{Shao2018,
author = {Shao, M and Bai, G and Rife, TW and Poland, J and Lin, M and Liu, S and Chen, H and Kumssa, T and Fritz, A and Trick, H and Li, Y and Zhang, G},
doi = {10.1007/s00122-018-3107-5},
isbn = {0123456789},
issn = {0040-5752},
journal = {Theoretical and Applied Genetics},
month = {8},
number = {8},
pages = {1683-1697},
pmid = {29860625},
title = {{QTL mapping of pre-harvest sprouting resistance in a white wheat cultivar Danby}},
url = {https://doi.org/10.1007/s00122-018-3107-5 http://link.springer.com/10.1007/s00122-018-3107-5},
volume = {131},
year = {2018}
}

@article{Selby2019,
author = {Selby P and R Abbeloos and JE Backlund and M Salido and G Bauchet and O Benites-Alfaro and C Birkett and VC Calaminos and P Carceller and G Cornut and BV Costa and JD Edwards and R Finkers and SY Gao and M Ghaffar and P Glaser and V Guignon and P Hok and A Kilian and P König and J Lagare and M Lange and MA Laporte and P Larmande and DS LeBauer and DA Lyon and DS Marshall and D Matthews and I Milne and N Mistry and N Morales and LA Mueller and P Neveu and E Papoutsoglou and B Pearce and I Perez-Masias and C Pommier and RH Ramírez-González and A Rathore and AM Raquel and S Raubach and T Rife and K Robbins and M Rouard and C Sarma and U Scholz and G Sempéré and PD Shaw and R Simon and N Soldevilla and G Stephen and Q Sun and C Tovar and G Uszynski and M Verouden},
doi = {10.1093/bioinformatics/btz190},
editor = {Wren, Jonathan},
issn = {1367-4803},
journal = {Bioinformatics},
month = {10},
number = {20},
pages = {4147--4155},
pmid = {30903186},
title = {{BrAPI—an application programming interface for plant breeding applications}},
url = {https://academic.oup.com/bioinformatics/article/35/20/4147/5418796},
volume = {35},
year = {2019}
}

@article{Gao2021,
author = {Gao, L and Koo, DH and Juliana, P and Rife, T and Singh, D and {Lemes da Silva}, C and Lux, T and Dorn, KM and Clinesmith, M and Silva, P and Wang, X and Spannagl, M and Monat, C and Friebe, B and Steuernagel, B and Muehlbauer, GJ and Walkowiak, S and Pozniak, C and Singh, R and Stein, N and Mascher, M and Fritz, A and Poland, J},
doi = {10.1007/s00122-020-03712-y},
issn = {0040-5752},
journal = {Theoretical and Applied Genetics},
month = {2},
pages = {529--542},
title = {{The Aegilops ventricosa 2NvS segment in bread wheat: cytology, genomics and breeding}},
url = {https://doi.org/10.1007/s00122-020-03712-y http://link.springer.com/10.1007/s00122-020-03712-y},
volume = {134},
year = {2021}
}

@article{Rife2021,
author = {Rife, TW and C Courtney and J Hershberger and MA Gore and M Neilsen and JA Poland},
doi = {10.1002/ppj2.20024},
journal = {The Plant Phenome Journal},
month = {9},
title = {{Prospector: a mobile app for portable, high-throughput NIRS phenotyping}},
url = {https://acsess.onlinelibrary.wiley.com/doi/10.1002/ppj2.20024},
volume = {4},
year = {2021}
}

@article{Rife2022,
author = {Rife, TW and C Courtney and G Bauchet and M Neilsen and JA Poland},
doi = {10.1002/csc2.20702},
journal = {Crop Science},
month = {1},
title = {{Intercross: An Android app for plant breeding and genetics cross management}},
url = {https://acsess.onlinelibrary.wiley.com/doi/10.1002/csc2.20702},
year = {2022}
}

@article{Morales2022,
author = {Morales N and A Ogbonna and B Ellerbrock and G Bauchet and T Tantikanjana and I Tecle and A Powell and D Lyon and N Menda and C Simoes and S Saha and P Hosmani and M Flores and N Panitz and R Preble and A Agbona and I Rabbi and P Kulakow and P Peteti and R Kawuki and W Esuma and M Kanaabi and D Chelagant and E Uba and A Olojede and J Onyeka and T Shah and M Karanja and C Egesi and H Tufan and P Agre and A Asfaw and JL Jannink and M Wolfe and C Birkett and D Waring and J Hershberger and M Gore and K Robbins and T Rife and C Courtney and J Poland and E Arnaud and MA Laporte and H Kulembeka and K Salum and E Mrema and A Brown and S Bayo and B Uwimana and V Akech and GC Yencho and BD Boeck and H Campos and R Swennen and J Edwards and L Mueller},
doi = {10.1093/g3journal/jkac078},
journal = {G3},
month = {4},
title = {{Breedbase: a digital ecosystem for modern plant breeding}},
url = {https://academic.oup.com/g3journal/advance-article/doi/10.1093/g3journal/jkac078/6564228},
year = {2022}
}

@article{Margapuri2022,
author = {Margapuri V and T Rife and C Courtney and K Zhao and M Neilsen and B Schlautman},
journal = {IEEE Fifth International Conference on Image Processing Applications and Systems},
month = {9},
title = {{Fractional Vegetation Cover Estimation using Hough Lines and Linear Iterative Clustering }},
url = {},
year = {2022}
}

@article{LaFave2023,
author = {LaFave Q and S Etukuri and C Courtney and N Kothari and T Rife and C Saski},
doi = {10.3390/mps6050092},
journal = {Methods and Protocols},
month = {10},
title = {{A Simplified Microscopy Technique to Rapidly Characterize Individual Fiber Traits in Cotton }},
url = {https://www.mdpi.com/2409-9279/6/5/92},
year = {2023}
}

@article{McNair2024,
author = {McNair M and S Cobioba and P Pietrzyk and TW Rife},
doi = {10.1002/aps3.11562},
journal = {Applications in Plant Sciences},
month = {1},
title = {{Toward an open-source 3D-printable laboratory }},
url = {https://bsapubs.onlinelibrary.wiley.com/doi/10.1002/aps3.11562},
year = {2024}
}

@article{Rife2025,
author = {Rife T and C Courtney and B Ellerbrock and P Kamath and J Poland},
doi = {},
journal = {},
month = {},
title = {{Coordinate: An Android application to organize samples into grids }},
url = {},
year = {Submitted to Journal of Open Source Software}
}

@article{Hale2025,
author = {Hale I and J Koebernick and J Hershberger and T Rife and JD Arbelaez and NO Anderson and A Bekkerman and M Bohn and F Bourland and T Burke and P Chee and K Evans and N Fumia and M Feldmann and K Gasic and S Hague and AM Heilman-Morales and A Hulse-Kemp and C Iglesias and J Luby and R Pratt and L Mueller and A Thompson and R Vierling and M Smith and M Worthington and M Wolfe and G Volk and M Kantar},
doi = {},
journal = {},
month = {},
title = {{Sustaining Public Plant Breeding Programs across Generations }},
url = {},
year = {Submitted to Crop Science}
}

@article{Hoyos2025,
author = {Hoyos-Villegas V and MV Cedeno and E Farmer and M Hanneman and A Mazis and K Singh and W Sangjan and M McNair and S Sankaran and ST Tolosa and M Gore and T Rife},
doi = {},
journal = {},
month = {},
title = {{Affordable Phenomics: Expanding Access to Enhancing Genetic Gain in Plant Breeding }},
url = {},
year = {Submitted to The Plant Phenome Journal}
}