@STRING{Trevor W. Rife = {\textbf{Trevor W. Rife}}}
@STRING{Rife TW = {\textbf{Trevor W. Rife}}}