



@conference{hershberger_napb_2018, 
place={Manhattan, KS}, 
title={Prospector: An Android application for NIRS-based phenotyping of cassava quality traits}, 
journal={National Association of Plant Breeders 2018 Annual Meeting}, 
author={Hershberger, Jenna M and Ikeogu, Ugochukwu N and Esuma, Williams and Kawuki, Robert S and Rabbi, Ismail Y and Gore, Michael A}, 
year={2018}, 
month={Aug}
}